<record><leader>00000cas a22000007a 4500</leader><controlfield tag="001">24036650</controlfield><controlfield tag="008">910708d19361937mnubr ne      0    0eng d</controlfield><datafield ind1=" " ind2=" " tag="010"><subfield code="a">sn 90059404 </subfield></datafield><datafield ind1=" " ind2=" " tag="040"><subfield code="a">MN#</subfield><subfield code="b">eng</subfield><subfield code="c">MN#</subfield><subfield code="d">OCLCQ</subfield><subfield code="d">OCLCF</subfield><subfield code="d">OCLCO</subfield></datafield><datafield ind1="1" ind2=" " tag="029"><subfield code="a">AU@</subfield><subfield code="b">000025883161</subfield></datafield><datafield ind1=" " ind2=" " tag="042"><subfield code="a">msc</subfield></datafield><datafield ind1=" " ind2=" " tag="043"><subfield code="a">n-us-mn</subfield></datafield><datafield ind1=" " ind2=" " tag="052"><subfield code="a">4144</subfield><subfield code="b">S4</subfield></datafield><datafield ind1="0" ind2="4" tag="245"><subfield code="a">The daily news merchant.</subfield></datafield><datafield ind1="1" ind2="3" tag="246"><subfield code="a">St. Paul daily news merchant</subfield></datafield><datafield ind1=" " ind2=" " tag="260"><subfield code="a">St. Paul, Minn. :</subfield><subfield code="b">National Advertising and Merchandising Dept., the St. Paul Daily News,</subfield><subfield code="c">1936-</subfield></datafield><datafield ind1=" " ind2=" " tag="300"><subfield code="a">volumes</subfield></datafield><datafield ind1=" " ind2=" " tag="310"><subfield code="a">Bimonthly,</subfield><subfield code="b">Mar. 1937-&lt;Oct. 1937&gt;</subfield></datafield><datafield ind1=" " ind2=" " tag="321"><subfield code="a">Monthly,</subfield><subfield code="b">Feb. 1936-Jan. 1937</subfield></datafield><datafield ind1=" " ind2=" " tag="336"><subfield code="a">text</subfield><subfield code="b">txt</subfield><subfield code="2">rdacontent</subfield></datafield><datafield ind1=" " ind2=" " tag="337"><subfield code="a">unmediated</subfield><subfield code="b">n</subfield><subfield code="2">rdamedia</subfield></datafield><datafield ind1=" " ind2=" " tag="338"><subfield code="a">volume</subfield><subfield code="b">nc</subfield><subfield code="2">rdacarrier</subfield></datafield><datafield ind1="0" ind2=" " tag="362"><subfield code="a">Vol. 3, no. 18 (Feb. 1936)-</subfield></datafield><datafield ind1="1" ind2=" " tag="362"><subfield code="a">Ceased in 1937.</subfield></datafield><datafield ind1=" " ind2="0" tag="651"><subfield code="a">Saint Paul (Minn.)</subfield><subfield code="x">Commerce</subfield><subfield code="v">Periodicals.</subfield></datafield><datafield ind1=" " ind2="7" tag="655"><subfield code="a">Periodicals.</subfield><subfield code="2">fast</subfield><subfield code="0">(OCoLC)fst01411641</subfield></datafield><datafield ind1=" " ind2="7" tag="650"><subfield code="a">Commerce.</subfield><subfield code="2">fast</subfield><subfield code="0">(OCoLC)fst00869279</subfield></datafield><datafield ind1=" " ind2="7" tag="651"><subfield code="a">Minnesota</subfield><subfield code="z">Saint Paul.</subfield><subfield code="2">fast</subfield><subfield code="0">(OCoLC)fst01212130</subfield></datafield><datafield ind1="2" ind2=" " tag="710"><subfield code="a">St. Paul Daily News (Firm).</subfield><subfield code="b">National Advertising and Merchandising Department.</subfield></datafield><datafield ind1="0" ind2="0" tag="780"><subfield code="t">St. Paul daily news merchant</subfield><subfield code="w">(DLC)sn 90059402</subfield></datafield></record>